%YAML 1.1
%TAG !u! tag:unity3d.com,2011:
--- !u!29 &1
OcclusionCullingSettings:
  m_ObjectHideFlags: 0
  serializedVersion: 2
  m_OcclusionBakeSettings:
    smallestOccluder: 5
    smallestHole: 0.25
    backfaceThreshold: 100
  m_SceneGUID: 00000000000000000000000000000000
  m_OcclusionCullingData: {fileID: 0}
--- !u!104 &2
RenderSettings:
  m_ObjectHideFlags: 0
  serializedVersion: 9
  m_Fog: 0
  m_FogColor: {r: 0.5, g: 0.5, b: 0.5, a: 1}
  m_FogMode: 3
  m_FogDensity: 0.01
  m_LinearFogStart: 0
  m_LinearFogEnd: 300
  m_AmbientSkyColor: {r: 0.212, g: 0.227, b: 0.259, a: 1}
  m_AmbientEquatorColor: {r: 0.114, g: 0.125, b: 0.133, a: 1}
  m_AmbientGroundColor: {r: 0.047, g: 0.043, b: 0.035, a: 1}
  m_AmbientIntensity: 1
  m_AmbientMode: 0
  m_SubtractiveShadowColor: {r: 0.42, g: 0.478, b: 0.627, a: 1}
  m_SkyboxMaterial: {fileID: 2100000, guid: 69f94d634694c464bb97bf1019c68b3d, type: 2}
  m_HaloStrength: 0.5
  m_FlareStrength: 1
  m_FlareFadeSpeed: 3
  m_HaloTexture: {fileID: 0}
  m_SpotCookie: {fileID: 10001, guid: 0000000000000000e000000000000000, type: 0}
  m_DefaultReflectionMode: 0
  m_DefaultReflectionResolution: 2048
  m_ReflectionBounces: 2
  m_ReflectionIntensity: 1
  m_CustomReflection: {fileID: 0}
  m_Sun: {fileID: 0}
  m_IndirectSpecularColor: {r: 0.03400597, g: 0.07329641, b: 0.11648603, a: 1}
  m_UseRadianceAmbientProbe: 0
--- !u!157 &3
LightmapSettings:
  m_ObjectHideFlags: 0
  serializedVersion: 11
  m_GIWorkflowMode: 0
  m_GISettings:
    serializedVersion: 2
    m_BounceScale: 1
    m_IndirectOutputScale: 1
    m_AlbedoBoost: 1
    m_TemporalCoherenceThreshold: 1
    m_EnvironmentLightingMode: 0
    m_EnableBakedLightmaps: 1
    m_EnableRealtimeLightmaps: 1
  m_LightmapEditorSettings:
    serializedVersion: 10
    m_Resolution: 2
    m_BakeResolution: 40
    m_AtlasSize: 1024
    m_AO: 0
    m_AOMaxDistance: 1
    m_CompAOExponent: 1
    m_CompAOExponentDirect: 0
    m_Padding: 2
    m_LightmapParameters: {fileID: 0}
    m_LightmapsBakeMode: 1
    m_TextureCompression: 1
    m_FinalGather: 0
    m_FinalGatherFiltering: 1
    m_FinalGatherRayCount: 256
    m_ReflectionCompression: 0
    m_MixedBakeMode: 2
    m_BakeBackend: 1
    m_PVRSampling: 1
    m_PVRDirectSampleCount: 32
    m_PVRSampleCount: 500
    m_PVRBounces: 2
    m_PVRFilterTypeDirect: 0
    m_PVRFilterTypeIndirect: 0
    m_PVRFilterTypeAO: 0
    m_PVRFilteringMode: 1
    m_PVRCulling: 1
    m_PVRFilteringGaussRadiusDirect: 1
    m_PVRFilteringGaussRadiusIndirect: 5
    m_PVRFilteringGaussRadiusAO: 2
    m_PVRFilteringAtrousPositionSigmaDirect: 0.5
    m_PVRFilteringAtrousPositionSigmaIndirect: 2
    m_PVRFilteringAtrousPositionSigmaAO: 1
    m_ShowResolutionOverlay: 1
  m_LightingDataAsset: {fileID: 0}
  m_UseShadowmask: 1
--- !u!196 &4
NavMeshSettings:
  serializedVersion: 2
  m_ObjectHideFlags: 0
  m_BuildSettings:
    serializedVersion: 2
    agentTypeID: 0
    agentRadius: 0.5
    agentHeight: 2
    agentSlope: 60
    agentClimb: 0.4
    ledgeDropHeight: 0
    maxJumpAcrossDistance: 0
    minRegionArea: 2
    manualCellSize: 0
    cellSize: 0.16666667
    manualTileSize: 0
    tileSize: 256
    accuratePlacement: 0
    debug:
      m_Flags: 0
  m_NavMeshData: {fileID: 23800000, guid: 6085f3b7ef82c07468832f7bf896e7b8, type: 2}
--- !u!224 &20658962 stripped
RectTransform:
  m_PrefabParentObject: {fileID: 224736154618400298, guid: b4bc858163715f94f9b7c103bbd1281a,
    type: 2}
  m_PrefabInternal: {fileID: 624257872}
--- !u!1 &113195969
GameObject:
  m_ObjectHideFlags: 0
  m_PrefabParentObject: {fileID: 0}
  m_PrefabInternal: {fileID: 0}
  serializedVersion: 5
  m_Component:
  - component: {fileID: 113195970}
  - component: {fileID: 113195973}
  - component: {fileID: 113195972}
  - component: {fileID: 113195971}
  m_Layer: 0
  m_Name: Plane
  m_TagString: Untagged
  m_Icon: {fileID: 0}
  m_NavMeshLayer: 0
  m_StaticEditorFlags: 0
  m_IsActive: 1
--- !u!4 &113195970
Transform:
  m_ObjectHideFlags: 0
  m_PrefabParentObject: {fileID: 0}
  m_PrefabInternal: {fileID: 0}
  m_GameObject: {fileID: 113195969}
  m_LocalRotation: {x: 0, y: -0.7071068, z: 0.7071068, w: 0}
  m_LocalPosition: {x: 0, y: -0.45, z: -0.002}
  m_LocalScale: {x: 0.62, y: 1, z: 0.029}
  m_Children: []
  m_Father: {fileID: 20658962}
  m_RootOrder: 1
  m_LocalEulerAnglesHint: {x: 90, y: 0, z: 180}
--- !u!64 &113195971
MeshCollider:
  m_ObjectHideFlags: 0
  m_PrefabParentObject: {fileID: 0}
  m_PrefabInternal: {fileID: 0}
  m_GameObject: {fileID: 113195969}
  m_Material: {fileID: 0}
  m_IsTrigger: 0
  m_Enabled: 1
  serializedVersion: 3
  m_Convex: 0
  m_CookingOptions: 14
  m_SkinWidth: 0.01
  m_Mesh: {fileID: 10209, guid: 0000000000000000e000000000000000, type: 0}
--- !u!23 &113195972
MeshRenderer:
  m_ObjectHideFlags: 0
  m_PrefabParentObject: {fileID: 0}
  m_PrefabInternal: {fileID: 0}
  m_GameObject: {fileID: 113195969}
  m_Enabled: 1
  m_CastShadows: 1
  m_ReceiveShadows: 1
  m_DynamicOccludee: 1
  m_MotionVectors: 1
  m_LightProbeUsage: 1
  m_ReflectionProbeUsage: 1
  m_RenderingLayerMask: 4294967295
  m_Materials:
  - {fileID: 10303, guid: 0000000000000000f000000000000000, type: 0}
  m_StaticBatchInfo:
    firstSubMesh: 0
    subMeshCount: 0
  m_StaticBatchRoot: {fileID: 0}
  m_ProbeAnchor: {fileID: 0}
  m_LightProbeVolumeOverride: {fileID: 0}
  m_ScaleInLightmap: 1
  m_PreserveUVs: 0
  m_IgnoreNormalsForChartDetection: 0
  m_ImportantGI: 0
  m_StitchLightmapSeams: 0
  m_SelectedEditorRenderState: 3
  m_MinimumChartSize: 4
  m_AutoUVMaxDistance: 0.5
  m_AutoUVMaxAngle: 89
  m_LightmapParameters: {fileID: 0}
  m_SortingLayerID: 0
  m_SortingLayer: 0
  m_SortingOrder: 0
--- !u!33 &113195973
MeshFilter:
  m_ObjectHideFlags: 0
  m_PrefabParentObject: {fileID: 0}
  m_PrefabInternal: {fileID: 0}
  m_GameObject: {fileID: 113195969}
  m_Mesh: {fileID: 10209, guid: 0000000000000000e000000000000000, type: 0}
--- !u!1 &132713579
GameObject:
  m_ObjectHideFlags: 0
  m_PrefabParentObject: {fileID: 0}
  m_PrefabInternal: {fileID: 0}
  serializedVersion: 5
  m_Component:
  - component: {fileID: 132713580}
  m_Layer: 0
  m_Name: world
  m_TagString: Untagged
  m_Icon: {fileID: 0}
  m_NavMeshLayer: 0
  m_StaticEditorFlags: 0
  m_IsActive: 1
--- !u!4 &132713580
Transform:
  m_ObjectHideFlags: 0
  m_PrefabParentObject: {fileID: 0}
  m_PrefabInternal: {fileID: 0}
  m_GameObject: {fileID: 132713579}
  m_LocalRotation: {x: 0, y: 0, z: 0, w: 1}
  m_LocalPosition: {x: 3.521431, y: -0.7080536, z: 2.1443815}
  m_LocalScale: {x: 1, y: 1, z: 1}
  m_Children:
  - {fileID: 1821887972}
  - {fileID: 1973192149}
  - {fileID: 722810784}
  - {fileID: 1683023147}
  - {fileID: 456152145}
  - {fileID: 1469135066}
  - {fileID: 831499236}
  m_Father: {fileID: 0}
  m_RootOrder: 3
  m_LocalEulerAnglesHint: {x: 0, y: 0, z: 0}
--- !u!1 &456152144
GameObject:
  m_ObjectHideFlags: 0
  m_PrefabParentObject: {fileID: 0}
  m_PrefabInternal: {fileID: 0}
  serializedVersion: 5
  m_Component:
  - component: {fileID: 456152145}
  - component: {fileID: 456152148}
  - component: {fileID: 456152147}
  - component: {fileID: 456152146}
  m_Layer: 0
  m_Name: Right_Fence
  m_TagString: Untagged
  m_Icon: {fileID: 0}
  m_NavMeshLayer: 0
  m_StaticEditorFlags: 0
  m_IsActive: 1
--- !u!4 &456152145
Transform:
  m_ObjectHideFlags: 0
  m_PrefabParentObject: {fileID: 0}
  m_PrefabInternal: {fileID: 0}
  m_GameObject: {fileID: 456152144}
  m_LocalRotation: {x: -0, y: 0.7071068, z: -0, w: 0.7071068}
  m_LocalPosition: {x: 36.47857, y: 1.7080536, z: 27.855618}
  m_LocalScale: {x: 80.00003, y: 4, z: 1}
  m_Children: []
  m_Father: {fileID: 132713580}
  m_RootOrder: 4
  m_LocalEulerAnglesHint: {x: 0, y: 90, z: 0}
--- !u!65 &456152146
BoxCollider:
  m_ObjectHideFlags: 0
  m_PrefabParentObject: {fileID: 0}
  m_PrefabInternal: {fileID: 0}
  m_GameObject: {fileID: 456152144}
  m_Material: {fileID: 0}
  m_IsTrigger: 0
  m_Enabled: 1
  serializedVersion: 2
  m_Size: {x: 1, y: 1, z: 1}
  m_Center: {x: 0, y: 0, z: 0}
--- !u!23 &456152147
MeshRenderer:
  m_ObjectHideFlags: 0
  m_PrefabParentObject: {fileID: 0}
  m_PrefabInternal: {fileID: 0}
  m_GameObject: {fileID: 456152144}
  m_Enabled: 1
  m_CastShadows: 1
  m_ReceiveShadows: 1
  m_DynamicOccludee: 1
  m_MotionVectors: 1
  m_LightProbeUsage: 1
  m_ReflectionProbeUsage: 1
  m_RenderingLayerMask: 4294967295
  m_Materials:
  - {fileID: 2100000, guid: e7cf1429648184748a1fd21872c8769e, type: 2}
  m_StaticBatchInfo:
    firstSubMesh: 0
    subMeshCount: 0
  m_StaticBatchRoot: {fileID: 0}
  m_ProbeAnchor: {fileID: 0}
  m_LightProbeVolumeOverride: {fileID: 0}
  m_ScaleInLightmap: 1
  m_PreserveUVs: 0
  m_IgnoreNormalsForChartDetection: 0
  m_ImportantGI: 0
  m_StitchLightmapSeams: 0
  m_SelectedEditorRenderState: 3
  m_MinimumChartSize: 4
  m_AutoUVMaxDistance: 0.5
  m_AutoUVMaxAngle: 89
  m_LightmapParameters: {fileID: 0}
  m_SortingLayerID: 0
  m_SortingLayer: 0
  m_SortingOrder: 0
--- !u!33 &456152148
MeshFilter:
  m_ObjectHideFlags: 0
  m_PrefabParentObject: {fileID: 0}
  m_PrefabInternal: {fileID: 0}
  m_GameObject: {fileID: 456152144}
  m_Mesh: {fileID: 10202, guid: 0000000000000000e000000000000000, type: 0}
--- !u!1001 &617943871
Prefab:
  m_ObjectHideFlags: 0
  serializedVersion: 2
  m_Modification:
    m_TransformParent: {fileID: 0}
    m_Modifications:
    - target: {fileID: 4122883949921918, guid: 144ca272df4906f4eb35a1b3d9755698, type: 2}
      propertyPath: m_LocalPosition.x
      value: 0
      objectReference: {fileID: 0}
    - target: {fileID: 4122883949921918, guid: 144ca272df4906f4eb35a1b3d9755698, type: 2}
      propertyPath: m_LocalPosition.y
      value: 2
      objectReference: {fileID: 0}
    - target: {fileID: 4122883949921918, guid: 144ca272df4906f4eb35a1b3d9755698, type: 2}
      propertyPath: m_LocalPosition.z
      value: 0
      objectReference: {fileID: 0}
    - target: {fileID: 4122883949921918, guid: 144ca272df4906f4eb35a1b3d9755698, type: 2}
      propertyPath: m_LocalRotation.x
      value: 0
      objectReference: {fileID: 0}
    - target: {fileID: 4122883949921918, guid: 144ca272df4906f4eb35a1b3d9755698, type: 2}
      propertyPath: m_LocalRotation.y
      value: 0
      objectReference: {fileID: 0}
    - target: {fileID: 4122883949921918, guid: 144ca272df4906f4eb35a1b3d9755698, type: 2}
      propertyPath: m_LocalRotation.z
      value: 0
      objectReference: {fileID: 0}
    - target: {fileID: 4122883949921918, guid: 144ca272df4906f4eb35a1b3d9755698, type: 2}
      propertyPath: m_LocalRotation.w
      value: 1
      objectReference: {fileID: 0}
    - target: {fileID: 4122883949921918, guid: 144ca272df4906f4eb35a1b3d9755698, type: 2}
      propertyPath: m_RootOrder
      value: 2
      objectReference: {fileID: 0}
    - target: {fileID: 224375272676366654, guid: 144ca272df4906f4eb35a1b3d9755698,
        type: 2}
      propertyPath: m_AnchorMin.y
      value: 0
      objectReference: {fileID: 0}
    - target: {fileID: 224375272676366654, guid: 144ca272df4906f4eb35a1b3d9755698,
        type: 2}
      propertyPath: m_AnchorMax.y
      value: 0
      objectReference: {fileID: 0}
    - target: {fileID: 224375272676366654, guid: 144ca272df4906f4eb35a1b3d9755698,
        type: 2}
      propertyPath: m_AnchoredPosition.x
      value: 0
      objectReference: {fileID: 0}
    - target: {fileID: 224375272676366654, guid: 144ca272df4906f4eb35a1b3d9755698,
        type: 2}
      propertyPath: m_AnchoredPosition.y
      value: 0
      objectReference: {fileID: 0}
    - target: {fileID: 224375272676366654, guid: 144ca272df4906f4eb35a1b3d9755698,
        type: 2}
      propertyPath: m_SizeDelta.x
      value: 0
      objectReference: {fileID: 0}
    - target: {fileID: 224375272676366654, guid: 144ca272df4906f4eb35a1b3d9755698,
        type: 2}
      propertyPath: m_SizeDelta.y
      value: 0
      objectReference: {fileID: 0}
    - target: {fileID: 224756782455245164, guid: 144ca272df4906f4eb35a1b3d9755698,
        type: 2}
      propertyPath: m_AnchorMin.y
      value: 0
      objectReference: {fileID: 0}
    - target: {fileID: 224756782455245164, guid: 144ca272df4906f4eb35a1b3d9755698,
        type: 2}
      propertyPath: m_AnchorMax.y
      value: 0
      objectReference: {fileID: 0}
    - target: {fileID: 224756782455245164, guid: 144ca272df4906f4eb35a1b3d9755698,
        type: 2}
      propertyPath: m_AnchoredPosition.x
      value: 0
      objectReference: {fileID: 0}
    - target: {fileID: 224756782455245164, guid: 144ca272df4906f4eb35a1b3d9755698,
        type: 2}
      propertyPath: m_AnchoredPosition.y
      value: 0
      objectReference: {fileID: 0}
    - target: {fileID: 224756782455245164, guid: 144ca272df4906f4eb35a1b3d9755698,
        type: 2}
      propertyPath: m_SizeDelta.x
      value: 0
      objectReference: {fileID: 0}
    - target: {fileID: 224756782455245164, guid: 144ca272df4906f4eb35a1b3d9755698,
        type: 2}
      propertyPath: m_SizeDelta.y
      value: 0
      objectReference: {fileID: 0}
    - target: {fileID: 224457664419405260, guid: 144ca272df4906f4eb35a1b3d9755698,
        type: 2}
      propertyPath: m_AnchorMin.y
      value: 0
      objectReference: {fileID: 0}
    - target: {fileID: 224457664419405260, guid: 144ca272df4906f4eb35a1b3d9755698,
        type: 2}
      propertyPath: m_AnchorMax.y
      value: 0
      objectReference: {fileID: 0}
    - target: {fileID: 224457664419405260, guid: 144ca272df4906f4eb35a1b3d9755698,
        type: 2}
      propertyPath: m_AnchoredPosition.x
      value: 0
      objectReference: {fileID: 0}
    - target: {fileID: 224457664419405260, guid: 144ca272df4906f4eb35a1b3d9755698,
        type: 2}
      propertyPath: m_AnchoredPosition.y
      value: 0
      objectReference: {fileID: 0}
    - target: {fileID: 224457664419405260, guid: 144ca272df4906f4eb35a1b3d9755698,
        type: 2}
      propertyPath: m_SizeDelta.x
      value: 0
      objectReference: {fileID: 0}
    - target: {fileID: 224457664419405260, guid: 144ca272df4906f4eb35a1b3d9755698,
        type: 2}
      propertyPath: m_SizeDelta.y
      value: 0
      objectReference: {fileID: 0}
    - target: {fileID: 224003348492131192, guid: 144ca272df4906f4eb35a1b3d9755698,
        type: 2}
      propertyPath: m_AnchorMin.y
      value: 0
      objectReference: {fileID: 0}
    - target: {fileID: 224003348492131192, guid: 144ca272df4906f4eb35a1b3d9755698,
        type: 2}
      propertyPath: m_AnchorMax.y
      value: 0
      objectReference: {fileID: 0}
    - target: {fileID: 224003348492131192, guid: 144ca272df4906f4eb35a1b3d9755698,
        type: 2}
      propertyPath: m_AnchoredPosition.x
      value: 0
      objectReference: {fileID: 0}
    - target: {fileID: 224003348492131192, guid: 144ca272df4906f4eb35a1b3d9755698,
        type: 2}
      propertyPath: m_AnchoredPosition.y
      value: 0
      objectReference: {fileID: 0}
    - target: {fileID: 224003348492131192, guid: 144ca272df4906f4eb35a1b3d9755698,
        type: 2}
      propertyPath: m_SizeDelta.x
      value: 0
      objectReference: {fileID: 0}
    - target: {fileID: 224003348492131192, guid: 144ca272df4906f4eb35a1b3d9755698,
        type: 2}
      propertyPath: m_SizeDelta.y
      value: 0
      objectReference: {fileID: 0}
    - target: {fileID: 224799608048520724, guid: 144ca272df4906f4eb35a1b3d9755698,
        type: 2}
      propertyPath: m_AnchorMin.y
      value: 0
      objectReference: {fileID: 0}
    - target: {fileID: 224799608048520724, guid: 144ca272df4906f4eb35a1b3d9755698,
        type: 2}
      propertyPath: m_AnchorMax.y
      value: 0
      objectReference: {fileID: 0}
    - target: {fileID: 224799608048520724, guid: 144ca272df4906f4eb35a1b3d9755698,
        type: 2}
      propertyPath: m_AnchoredPosition.x
      value: 0
      objectReference: {fileID: 0}
    - target: {fileID: 224799608048520724, guid: 144ca272df4906f4eb35a1b3d9755698,
        type: 2}
      propertyPath: m_AnchoredPosition.y
      value: 0
      objectReference: {fileID: 0}
    - target: {fileID: 224799608048520724, guid: 144ca272df4906f4eb35a1b3d9755698,
        type: 2}
      propertyPath: m_SizeDelta.x
      value: 0
      objectReference: {fileID: 0}
    - target: {fileID: 224799608048520724, guid: 144ca272df4906f4eb35a1b3d9755698,
        type: 2}
      propertyPath: m_SizeDelta.y
      value: 0
      objectReference: {fileID: 0}
    - target: {fileID: 224493798803071838, guid: 144ca272df4906f4eb35a1b3d9755698,
        type: 2}
      propertyPath: m_AnchorMin.y
      value: 0
      objectReference: {fileID: 0}
    - target: {fileID: 224493798803071838, guid: 144ca272df4906f4eb35a1b3d9755698,
        type: 2}
      propertyPath: m_AnchorMax.y
      value: 0
      objectReference: {fileID: 0}
    - target: {fileID: 224493798803071838, guid: 144ca272df4906f4eb35a1b3d9755698,
        type: 2}
      propertyPath: m_AnchoredPosition.x
      value: 0
      objectReference: {fileID: 0}
    - target: {fileID: 224493798803071838, guid: 144ca272df4906f4eb35a1b3d9755698,
        type: 2}
      propertyPath: m_AnchoredPosition.y
      value: 0
      objectReference: {fileID: 0}
    - target: {fileID: 224493798803071838, guid: 144ca272df4906f4eb35a1b3d9755698,
        type: 2}
      propertyPath: m_SizeDelta.x
      value: 0
      objectReference: {fileID: 0}
    - target: {fileID: 224493798803071838, guid: 144ca272df4906f4eb35a1b3d9755698,
        type: 2}
      propertyPath: m_SizeDelta.y
      value: 0
      objectReference: {fileID: 0}
    - target: {fileID: 224595017186808218, guid: 144ca272df4906f4eb35a1b3d9755698,
        type: 2}
      propertyPath: m_AnchorMin.y
      value: 0
      objectReference: {fileID: 0}
    - target: {fileID: 224595017186808218, guid: 144ca272df4906f4eb35a1b3d9755698,
        type: 2}
      propertyPath: m_AnchorMax.y
      value: 0
      objectReference: {fileID: 0}
    - target: {fileID: 224595017186808218, guid: 144ca272df4906f4eb35a1b3d9755698,
        type: 2}
      propertyPath: m_AnchoredPosition.x
      value: 0
      objectReference: {fileID: 0}
    - target: {fileID: 224595017186808218, guid: 144ca272df4906f4eb35a1b3d9755698,
        type: 2}
      propertyPath: m_AnchoredPosition.y
      value: 0
      objectReference: {fileID: 0}
    - target: {fileID: 224595017186808218, guid: 144ca272df4906f4eb35a1b3d9755698,
        type: 2}
      propertyPath: m_SizeDelta.x
      value: 0
      objectReference: {fileID: 0}
    - target: {fileID: 224595017186808218, guid: 144ca272df4906f4eb35a1b3d9755698,
        type: 2}
      propertyPath: m_SizeDelta.y
      value: 0
      objectReference: {fileID: 0}
    - target: {fileID: 224384599105535156, guid: 144ca272df4906f4eb35a1b3d9755698,
        type: 2}
      propertyPath: m_AnchorMin.y
      value: 0
      objectReference: {fileID: 0}
    - target: {fileID: 224384599105535156, guid: 144ca272df4906f4eb35a1b3d9755698,
        type: 2}
      propertyPath: m_AnchorMax.y
      value: 0
      objectReference: {fileID: 0}
    - target: {fileID: 224384599105535156, guid: 144ca272df4906f4eb35a1b3d9755698,
        type: 2}
      propertyPath: m_AnchoredPosition.x
      value: 0
      objectReference: {fileID: 0}
    - target: {fileID: 224384599105535156, guid: 144ca272df4906f4eb35a1b3d9755698,
        type: 2}
      propertyPath: m_AnchoredPosition.y
      value: 0
      objectReference: {fileID: 0}
    - target: {fileID: 224384599105535156, guid: 144ca272df4906f4eb35a1b3d9755698,
        type: 2}
      propertyPath: m_SizeDelta.x
      value: 0
      objectReference: {fileID: 0}
    - target: {fileID: 224384599105535156, guid: 144ca272df4906f4eb35a1b3d9755698,
        type: 2}
      propertyPath: m_SizeDelta.y
      value: 0
      objectReference: {fileID: 0}
    - target: {fileID: 224151081382032556, guid: 144ca272df4906f4eb35a1b3d9755698,
        type: 2}
      propertyPath: m_AnchorMin.y
      value: 0
      objectReference: {fileID: 0}
    - target: {fileID: 224151081382032556, guid: 144ca272df4906f4eb35a1b3d9755698,
        type: 2}
      propertyPath: m_AnchorMax.y
      value: 0
      objectReference: {fileID: 0}
    - target: {fileID: 224151081382032556, guid: 144ca272df4906f4eb35a1b3d9755698,
        type: 2}
      propertyPath: m_AnchoredPosition.x
      value: 0
      objectReference: {fileID: 0}
    - target: {fileID: 224151081382032556, guid: 144ca272df4906f4eb35a1b3d9755698,
        type: 2}
      propertyPath: m_AnchoredPosition.y
      value: 0
      objectReference: {fileID: 0}
    - target: {fileID: 224151081382032556, guid: 144ca272df4906f4eb35a1b3d9755698,
        type: 2}
      propertyPath: m_SizeDelta.x
      value: 0
      objectReference: {fileID: 0}
    - target: {fileID: 224151081382032556, guid: 144ca272df4906f4eb35a1b3d9755698,
        type: 2}
      propertyPath: m_SizeDelta.y
      value: 0
      objectReference: {fileID: 0}
    - target: {fileID: 224599299218036506, guid: 144ca272df4906f4eb35a1b3d9755698,
        type: 2}
      propertyPath: m_AnchorMin.y
      value: 0
      objectReference: {fileID: 0}
    - target: {fileID: 224599299218036506, guid: 144ca272df4906f4eb35a1b3d9755698,
        type: 2}
      propertyPath: m_AnchorMax.y
      value: 0
      objectReference: {fileID: 0}
    - target: {fileID: 224599299218036506, guid: 144ca272df4906f4eb35a1b3d9755698,
        type: 2}
      propertyPath: m_AnchoredPosition.x
      value: 0
      objectReference: {fileID: 0}
    - target: {fileID: 224599299218036506, guid: 144ca272df4906f4eb35a1b3d9755698,
        type: 2}
      propertyPath: m_AnchoredPosition.y
      value: 0
      objectReference: {fileID: 0}
    - target: {fileID: 224599299218036506, guid: 144ca272df4906f4eb35a1b3d9755698,
        type: 2}
      propertyPath: m_SizeDelta.x
      value: 0
      objectReference: {fileID: 0}
    - target: {fileID: 224599299218036506, guid: 144ca272df4906f4eb35a1b3d9755698,
        type: 2}
      propertyPath: m_SizeDelta.y
      value: 0
      objectReference: {fileID: 0}
    - target: {fileID: 114315831695671174, guid: 144ca272df4906f4eb35a1b3d9755698,
        type: 2}
      propertyPath: autoPopulateObjectReferences
      value: 0
      objectReference: {fileID: 0}
    - target: {fileID: 224103443671506914, guid: 144ca272df4906f4eb35a1b3d9755698,
        type: 2}
      propertyPath: m_AnchorMin.y
      value: 0
      objectReference: {fileID: 0}
    - target: {fileID: 224103443671506914, guid: 144ca272df4906f4eb35a1b3d9755698,
        type: 2}
      propertyPath: m_AnchorMax.y
      value: 0
      objectReference: {fileID: 0}
    - target: {fileID: 224103443671506914, guid: 144ca272df4906f4eb35a1b3d9755698,
        type: 2}
      propertyPath: m_AnchoredPosition.x
      value: 0
      objectReference: {fileID: 0}
    - target: {fileID: 224103443671506914, guid: 144ca272df4906f4eb35a1b3d9755698,
        type: 2}
      propertyPath: m_AnchoredPosition.y
      value: 0
      objectReference: {fileID: 0}
    - target: {fileID: 224103443671506914, guid: 144ca272df4906f4eb35a1b3d9755698,
        type: 2}
      propertyPath: m_SizeDelta.x
      value: 0
      objectReference: {fileID: 0}
    - target: {fileID: 224103443671506914, guid: 144ca272df4906f4eb35a1b3d9755698,
        type: 2}
      propertyPath: m_SizeDelta.y
      value: 0
      objectReference: {fileID: 0}
    - target: {fileID: 114407325533299496, guid: 144ca272df4906f4eb35a1b3d9755698,
        type: 2}
      propertyPath: autoManageVRSettings
      value: 1
      objectReference: {fileID: 0}
    - target: {fileID: 114407325533299496, guid: 144ca272df4906f4eb35a1b3d9755698,
        type: 2}
      propertyPath: autoLoadSetup
      value: 1
      objectReference: {fileID: 0}
    - target: {fileID: 20926127561700542, guid: 144ca272df4906f4eb35a1b3d9755698,
        type: 2}
      propertyPath: m_ClearFlags
      value: 1
      objectReference: {fileID: 0}
    - target: {fileID: 20304724739953252, guid: 144ca272df4906f4eb35a1b3d9755698,
        type: 2}
      propertyPath: m_Enabled
      value: 1
      objectReference: {fileID: 0}
    m_RemovedComponents: []
  m_ParentPrefab: {fileID: 100100000, guid: 144ca272df4906f4eb35a1b3d9755698, type: 2}
  m_IsPrefabParent: 0
--- !u!1001 &624257872
Prefab:
  m_ObjectHideFlags: 0
  serializedVersion: 2
  m_Modification:
    m_TransformParent: {fileID: 0}
    m_Modifications:
    - target: {fileID: 224002769913173030, guid: b4bc858163715f94f9b7c103bbd1281a,
        type: 2}
      propertyPath: m_LocalPosition.x
      value: 0
      objectReference: {fileID: 0}
    - target: {fileID: 224002769913173030, guid: b4bc858163715f94f9b7c103bbd1281a,
        type: 2}
      propertyPath: m_LocalPosition.y
      value: 0
      objectReference: {fileID: 0}
    - target: {fileID: 224002769913173030, guid: b4bc858163715f94f9b7c103bbd1281a,
        type: 2}
      propertyPath: m_LocalPosition.z
      value: 10
      objectReference: {fileID: 0}
    - target: {fileID: 224002769913173030, guid: b4bc858163715f94f9b7c103bbd1281a,
        type: 2}
      propertyPath: m_LocalRotation.x
      value: 0
      objectReference: {fileID: 0}
    - target: {fileID: 224002769913173030, guid: b4bc858163715f94f9b7c103bbd1281a,
        type: 2}
      propertyPath: m_LocalRotation.y
      value: 0
      objectReference: {fileID: 0}
    - target: {fileID: 224002769913173030, guid: b4bc858163715f94f9b7c103bbd1281a,
        type: 2}
      propertyPath: m_LocalRotation.z
      value: 0
      objectReference: {fileID: 0}
    - target: {fileID: 224002769913173030, guid: b4bc858163715f94f9b7c103bbd1281a,
        type: 2}
      propertyPath: m_LocalRotation.w
      value: 1
      objectReference: {fileID: 0}
    - target: {fileID: 224002769913173030, guid: b4bc858163715f94f9b7c103bbd1281a,
        type: 2}
      propertyPath: m_RootOrder
      value: 4
      objectReference: {fileID: 0}
    - target: {fileID: 224002769913173030, guid: b4bc858163715f94f9b7c103bbd1281a,
        type: 2}
      propertyPath: m_AnchoredPosition.x
      value: 0
      objectReference: {fileID: 0}
    - target: {fileID: 224002769913173030, guid: b4bc858163715f94f9b7c103bbd1281a,
        type: 2}
      propertyPath: m_AnchoredPosition.y
      value: 0
      objectReference: {fileID: 0}
    - target: {fileID: 224002769913173030, guid: b4bc858163715f94f9b7c103bbd1281a,
        type: 2}
      propertyPath: m_SizeDelta.x
      value: 100
      objectReference: {fileID: 0}
    - target: {fileID: 224002769913173030, guid: b4bc858163715f94f9b7c103bbd1281a,
        type: 2}
      propertyPath: m_SizeDelta.y
      value: 100
      objectReference: {fileID: 0}
    - target: {fileID: 224002769913173030, guid: b4bc858163715f94f9b7c103bbd1281a,
        type: 2}
      propertyPath: m_AnchorMin.x
      value: 0.5
      objectReference: {fileID: 0}
    - target: {fileID: 224002769913173030, guid: b4bc858163715f94f9b7c103bbd1281a,
        type: 2}
      propertyPath: m_AnchorMin.y
      value: 0.5
      objectReference: {fileID: 0}
    - target: {fileID: 224002769913173030, guid: b4bc858163715f94f9b7c103bbd1281a,
        type: 2}
      propertyPath: m_AnchorMax.x
      value: 0.5
      objectReference: {fileID: 0}
    - target: {fileID: 224002769913173030, guid: b4bc858163715f94f9b7c103bbd1281a,
        type: 2}
      propertyPath: m_AnchorMax.y
      value: 0.5
      objectReference: {fileID: 0}
    - target: {fileID: 224002769913173030, guid: b4bc858163715f94f9b7c103bbd1281a,
        type: 2}
      propertyPath: m_Pivot.x
      value: 0.5
      objectReference: {fileID: 0}
    - target: {fileID: 224002769913173030, guid: b4bc858163715f94f9b7c103bbd1281a,
        type: 2}
      propertyPath: m_Pivot.y
      value: 0.5
      objectReference: {fileID: 0}
    - target: {fileID: 1043006666222538, guid: b4bc858163715f94f9b7c103bbd1281a, type: 2}
      propertyPath: m_IsActive
      value: 0
      objectReference: {fileID: 0}
    - target: {fileID: 1404768540365078, guid: b4bc858163715f94f9b7c103bbd1281a, type: 2}
      propertyPath: m_IsActive
      value: 0
      objectReference: {fileID: 0}
    - target: {fileID: 1454669674903206, guid: b4bc858163715f94f9b7c103bbd1281a, type: 2}
      propertyPath: m_IsActive
      value: 0
      objectReference: {fileID: 0}
    - target: {fileID: 1865625873124652, guid: b4bc858163715f94f9b7c103bbd1281a, type: 2}
      propertyPath: m_IsActive
      value: 0
      objectReference: {fileID: 0}
    - target: {fileID: 1224582318247604, guid: b4bc858163715f94f9b7c103bbd1281a, type: 2}
      propertyPath: m_IsActive
      value: 0
      objectReference: {fileID: 0}
    - target: {fileID: 1674417508148264, guid: b4bc858163715f94f9b7c103bbd1281a, type: 2}
      propertyPath: m_IsActive
      value: 0
      objectReference: {fileID: 0}
    - target: {fileID: 1991360871924454, guid: b4bc858163715f94f9b7c103bbd1281a, type: 2}
      propertyPath: m_IsActive
      value: 0
      objectReference: {fileID: 0}
    - target: {fileID: 1015804064935652, guid: b4bc858163715f94f9b7c103bbd1281a, type: 2}
      propertyPath: m_IsActive
      value: 0
      objectReference: {fileID: 0}
    - target: {fileID: 1414464674352062, guid: b4bc858163715f94f9b7c103bbd1281a, type: 2}
      propertyPath: m_IsActive
      value: 0
      objectReference: {fileID: 0}
    - target: {fileID: 1496907676061216, guid: b4bc858163715f94f9b7c103bbd1281a, type: 2}
      propertyPath: m_IsActive
      value: 0
      objectReference: {fileID: 0}
    - target: {fileID: 1804597333601550, guid: b4bc858163715f94f9b7c103bbd1281a, type: 2}
      propertyPath: m_IsActive
      value: 0
      objectReference: {fileID: 0}
    - target: {fileID: 1581653091547324, guid: b4bc858163715f94f9b7c103bbd1281a, type: 2}
      propertyPath: m_IsActive
      value: 0
      objectReference: {fileID: 0}
    - target: {fileID: 1205992697291448, guid: b4bc858163715f94f9b7c103bbd1281a, type: 2}
      propertyPath: m_IsActive
      value: 0
      objectReference: {fileID: 0}
    - target: {fileID: 1371624237378412, guid: b4bc858163715f94f9b7c103bbd1281a, type: 2}
      propertyPath: m_IsActive
      value: 0
      objectReference: {fileID: 0}
    - target: {fileID: 1216962529564022, guid: b4bc858163715f94f9b7c103bbd1281a, type: 2}
      propertyPath: m_IsActive
      value: 0
      objectReference: {fileID: 0}
    - target: {fileID: 1395806599782248, guid: b4bc858163715f94f9b7c103bbd1281a, type: 2}
      propertyPath: m_IsActive
      value: 0
      objectReference: {fileID: 0}
    - target: {fileID: 1918070984199172, guid: b4bc858163715f94f9b7c103bbd1281a, type: 2}
      propertyPath: m_IsActive
      value: 0
      objectReference: {fileID: 0}
    - target: {fileID: 1842525123379092, guid: b4bc858163715f94f9b7c103bbd1281a, type: 2}
      propertyPath: m_IsActive
      value: 0
      objectReference: {fileID: 0}
    - target: {fileID: 224002769913173030, guid: b4bc858163715f94f9b7c103bbd1281a,
        type: 2}
      propertyPath: m_LocalScale.x
      value: 0.8
      objectReference: {fileID: 0}
    - target: {fileID: 224002769913173030, guid: b4bc858163715f94f9b7c103bbd1281a,
        type: 2}
      propertyPath: m_LocalScale.y
      value: 0.8
      objectReference: {fileID: 0}
    - target: {fileID: 224002769913173030, guid: b4bc858163715f94f9b7c103bbd1281a,
        type: 2}
      propertyPath: m_LocalScale.z
      value: 0.8
      objectReference: {fileID: 0}
    - target: {fileID: 1465355568804686, guid: b4bc858163715f94f9b7c103bbd1281a, type: 2}
      propertyPath: m_IsActive
      value: 1
      objectReference: {fileID: 0}
    - target: {fileID: 1951091316740752, guid: b4bc858163715f94f9b7c103bbd1281a, type: 2}
      propertyPath: m_IsActive
      value: 1
      objectReference: {fileID: 0}
    - target: {fileID: 1963681668594284, guid: b4bc858163715f94f9b7c103bbd1281a, type: 2}
      propertyPath: m_IsActive
      value: 1
      objectReference: {fileID: 0}
    - target: {fileID: 1561721447824318, guid: b4bc858163715f94f9b7c103bbd1281a, type: 2}
      propertyPath: m_IsActive
      value: 1
      objectReference: {fileID: 0}
    - target: {fileID: 1814883246712394, guid: b4bc858163715f94f9b7c103bbd1281a, type: 2}
      propertyPath: m_IsActive
      value: 1
      objectReference: {fileID: 0}
    - target: {fileID: 1658421807903122, guid: b4bc858163715f94f9b7c103bbd1281a, type: 2}
      propertyPath: m_IsActive
      value: 1
      objectReference: {fileID: 0}
    - target: {fileID: 1536640598720962, guid: b4bc858163715f94f9b7c103bbd1281a, type: 2}
      propertyPath: m_IsActive
      value: 0
      objectReference: {fileID: 0}
    - target: {fileID: 224849178929531320, guid: b4bc858163715f94f9b7c103bbd1281a,
        type: 2}
      propertyPath: m_AnchoredPosition.x
      value: -30
      objectReference: {fileID: 0}
    - target: {fileID: 224849178929531320, guid: b4bc858163715f94f9b7c103bbd1281a,
        type: 2}
      propertyPath: m_LocalPosition.z
      value: 5
      objectReference: {fileID: 0}
    - target: {fileID: 224017119397987916, guid: b4bc858163715f94f9b7c103bbd1281a,
        type: 2}
      propertyPath: m_AnchoredPosition.x
      value: -30
      objectReference: {fileID: 0}
    - target: {fileID: 224017119397987916, guid: b4bc858163715f94f9b7c103bbd1281a,
        type: 2}
      propertyPath: m_LocalPosition.z
      value: 13
      objectReference: {fileID: 0}
    - target: {fileID: 224395910016012980, guid: b4bc858163715f94f9b7c103bbd1281a,
        type: 2}
      propertyPath: m_AnchoredPosition.x
      value: -30
      objectReference: {fileID: 0}
    - target: {fileID: 224395910016012980, guid: b4bc858163715f94f9b7c103bbd1281a,
        type: 2}
      propertyPath: m_LocalPosition.z
      value: 25
      objectReference: {fileID: 0}
    - target: {fileID: 224717618177686540, guid: b4bc858163715f94f9b7c103bbd1281a,
        type: 2}
      propertyPath: m_AnchoredPosition.x
      value: -29.9
      objectReference: {fileID: 0}
    - target: {fileID: 224717618177686540, guid: b4bc858163715f94f9b7c103bbd1281a,
        type: 2}
      propertyPath: m_LocalPosition.z
      value: 37
      objectReference: {fileID: 0}
    - target: {fileID: 224352662001871812, guid: b4bc858163715f94f9b7c103bbd1281a,
        type: 2}
      propertyPath: m_LocalPosition.z
      value: 37
      objectReference: {fileID: 0}
    - target: {fileID: 224352662001871812, guid: b4bc858163715f94f9b7c103bbd1281a,
        type: 2}
      propertyPath: m_AnchoredPosition.x
      value: -30
      objectReference: {fileID: 0}
    - target: {fileID: 224337102584404918, guid: b4bc858163715f94f9b7c103bbd1281a,
        type: 2}
      propertyPath: m_LocalRotation.z
      value: 0
      objectReference: {fileID: 0}
    - target: {fileID: 224337102584404918, guid: b4bc858163715f94f9b7c103bbd1281a,
        type: 2}
      propertyPath: m_LocalRotation.w
      value: 1
      objectReference: {fileID: 0}
    - target: {fileID: 224337102584404918, guid: b4bc858163715f94f9b7c103bbd1281a,
        type: 2}
      propertyPath: m_LocalEulerAnglesHint.z
      value: 0
      objectReference: {fileID: 0}
    - target: {fileID: 224337102584404918, guid: b4bc858163715f94f9b7c103bbd1281a,
        type: 2}
      propertyPath: m_LocalRotation.y
      value: 0
      objectReference: {fileID: 0}
    - target: {fileID: 224337102584404918, guid: b4bc858163715f94f9b7c103bbd1281a,
        type: 2}
      propertyPath: m_LocalEulerAnglesHint.y
      value: 0
      objectReference: {fileID: 0}
    - target: {fileID: 224337102584404918, guid: b4bc858163715f94f9b7c103bbd1281a,
        type: 2}
      propertyPath: m_AnchoredPosition.x
      value: -25
      objectReference: {fileID: 0}
    - target: {fileID: 224337102584404918, guid: b4bc858163715f94f9b7c103bbd1281a,
        type: 2}
      propertyPath: m_LocalPosition.z
      value: 55
      objectReference: {fileID: 0}
    - target: {fileID: 224624882983974690, guid: b4bc858163715f94f9b7c103bbd1281a,
        type: 2}
      propertyPath: m_LocalPosition.z
      value: 55
      objectReference: {fileID: 0}
    - target: {fileID: 224624882983974690, guid: b4bc858163715f94f9b7c103bbd1281a,
        type: 2}
      propertyPath: m_AnchoredPosition.x
      value: -15
      objectReference: {fileID: 0}
    - target: {fileID: 224736154618400298, guid: b4bc858163715f94f9b7c103bbd1281a,
        type: 2}
      propertyPath: m_LocalPosition.z
      value: 55
      objectReference: {fileID: 0}
    - target: {fileID: 224736154618400298, guid: b4bc858163715f94f9b7c103bbd1281a,
        type: 2}
      propertyPath: m_AnchoredPosition.x
      value: -6
      objectReference: {fileID: 0}
    - target: {fileID: 224956471983677968, guid: b4bc858163715f94f9b7c103bbd1281a,
        type: 2}
      propertyPath: m_LocalRotation.y
      value: 0
      objectReference: {fileID: 0}
    - target: {fileID: 224956471983677968, guid: b4bc858163715f94f9b7c103bbd1281a,
        type: 2}
      propertyPath: m_LocalRotation.w
      value: 1
      objectReference: {fileID: 0}
    - target: {fileID: 224956471983677968, guid: b4bc858163715f94f9b7c103bbd1281a,
        type: 2}
      propertyPath: m_LocalEulerAnglesHint.y
      value: 0
      objectReference: {fileID: 0}
    - target: {fileID: 224390093862263676, guid: b4bc858163715f94f9b7c103bbd1281a,
        type: 2}
      propertyPath: m_LocalRotation.y
      value: 0
      objectReference: {fileID: 0}
    - target: {fileID: 224390093862263676, guid: b4bc858163715f94f9b7c103bbd1281a,
        type: 2}
      propertyPath: m_LocalRotation.w
      value: 1
      objectReference: {fileID: 0}
    - target: {fileID: 224390093862263676, guid: b4bc858163715f94f9b7c103bbd1281a,
        type: 2}
      propertyPath: m_LocalEulerAnglesHint.y
      value: 0
      objectReference: {fileID: 0}
    - target: {fileID: 224956471983677968, guid: b4bc858163715f94f9b7c103bbd1281a,
        type: 2}
      propertyPath: m_LocalPosition.z
      value: 55
      objectReference: {fileID: 0}
    - target: {fileID: 224956471983677968, guid: b4bc858163715f94f9b7c103bbd1281a,
        type: 2}
      propertyPath: m_AnchoredPosition.x
      value: 4
      objectReference: {fileID: 0}
    - target: {fileID: 224390093862263676, guid: b4bc858163715f94f9b7c103bbd1281a,
        type: 2}
      propertyPath: m_LocalPosition.z
      value: 55
      objectReference: {fileID: 0}
    - target: {fileID: 224390093862263676, guid: b4bc858163715f94f9b7c103bbd1281a,
        type: 2}
      propertyPath: m_AnchoredPosition.y
      value: 3.7
      objectReference: {fileID: 0}
    - target: {fileID: 224956471983677968, guid: b4bc858163715f94f9b7c103bbd1281a,
        type: 2}
      propertyPath: m_AnchoredPosition.y
      value: 9.423244
      objectReference: {fileID: 0}
    - target: {fileID: 224390093862263676, guid: b4bc858163715f94f9b7c103bbd1281a,
        type: 2}
      propertyPath: m_AnchoredPosition.x
      value: 4
      objectReference: {fileID: 0}
    - target: {fileID: 224956471983677968, guid: b4bc858163715f94f9b7c103bbd1281a,
        type: 2}
      propertyPath: m_AnchorMin.y
      value: 0.49368507
      objectReference: {fileID: 0}
    - target: {fileID: 224956471983677968, guid: b4bc858163715f94f9b7c103bbd1281a,
        type: 2}
      propertyPath: m_SizeDelta.y
      value: 10.753511
      objectReference: {fileID: 0}
    - target: {fileID: 224212087228385510, guid: b4bc858163715f94f9b7c103bbd1281a,
        type: 2}
      propertyPath: m_LocalRotation.y
      value: 0
      objectReference: {fileID: 0}
    - target: {fileID: 224212087228385510, guid: b4bc858163715f94f9b7c103bbd1281a,
        type: 2}
      propertyPath: m_LocalRotation.w
      value: 1
      objectReference: {fileID: 0}
    - target: {fileID: 224212087228385510, guid: b4bc858163715f94f9b7c103bbd1281a,
        type: 2}
      propertyPath: m_LocalEulerAnglesHint.y
      value: 0
      objectReference: {fileID: 0}
    - target: {fileID: 224212087228385510, guid: b4bc858163715f94f9b7c103bbd1281a,
        type: 2}
      propertyPath: m_LocalPosition.z
      value: 55
      objectReference: {fileID: 0}
    - target: {fileID: 224212087228385510, guid: b4bc858163715f94f9b7c103bbd1281a,
        type: 2}
      propertyPath: m_AnchoredPosition.x
      value: 20
      objectReference: {fileID: 0}
    - target: {fileID: 224554746659496700, guid: b4bc858163715f94f9b7c103bbd1281a,
        type: 2}
      propertyPath: m_LocalRotation.y
      value: 0
      objectReference: {fileID: 0}
    - target: {fileID: 224554746659496700, guid: b4bc858163715f94f9b7c103bbd1281a,
        type: 2}
      propertyPath: m_LocalRotation.w
      value: 1
      objectReference: {fileID: 0}
    - target: {fileID: 224554746659496700, guid: b4bc858163715f94f9b7c103bbd1281a,
        type: 2}
      propertyPath: m_LocalEulerAnglesHint.y
      value: 0
      objectReference: {fileID: 0}
    - target: {fileID: 224554746659496700, guid: b4bc858163715f94f9b7c103bbd1281a,
        type: 2}
      propertyPath: m_LocalPosition.z
      value: 55
      objectReference: {fileID: 0}
    - target: {fileID: 224554746659496700, guid: b4bc858163715f94f9b7c103bbd1281a,
        type: 2}
      propertyPath: m_AnchoredPosition.x
      value: 30
      objectReference: {fileID: 0}
    - target: {fileID: 224337102584404918, guid: b4bc858163715f94f9b7c103bbd1281a,
        type: 2}
      propertyPath: m_RootOrder
      value: 4
      objectReference: {fileID: 0}
    - target: {fileID: 224573077185310524, guid: b4bc858163715f94f9b7c103bbd1281a,
        type: 2}
      propertyPath: m_RootOrder
      value: 13
      objectReference: {fileID: 0}
    - target: {fileID: 224717618177686540, guid: b4bc858163715f94f9b7c103bbd1281a,
        type: 2}
      propertyPath: m_RootOrder
      value: 5
      objectReference: {fileID: 0}
    - target: {fileID: 224017119397987916, guid: b4bc858163715f94f9b7c103bbd1281a,
        type: 2}
      propertyPath: m_RootOrder
      value: 2
      objectReference: {fileID: 0}
    - target: {fileID: 224352662001871812, guid: b4bc858163715f94f9b7c103bbd1281a,
        type: 2}
      propertyPath: m_RootOrder
      value: 6
      objectReference: {fileID: 0}
    - target: {fileID: 224956471983677968, guid: b4bc858163715f94f9b7c103bbd1281a,
        type: 2}
      propertyPath: m_RootOrder
      value: 8
      objectReference: {fileID: 0}
    - target: {fileID: 224099979683029766, guid: b4bc858163715f94f9b7c103bbd1281a,
        type: 2}
      propertyPath: m_RootOrder
      value: 17
      objectReference: {fileID: 0}
    - target: {fileID: 224849178929531320, guid: b4bc858163715f94f9b7c103bbd1281a,
        type: 2}
      propertyPath: m_RootOrder
      value: 1
      objectReference: {fileID: 0}
    - target: {fileID: 224390093862263676, guid: b4bc858163715f94f9b7c103bbd1281a,
        type: 2}
      propertyPath: m_RootOrder
      value: 10
      objectReference: {fileID: 0}
    - target: {fileID: 224395910016012980, guid: b4bc858163715f94f9b7c103bbd1281a,
        type: 2}
      propertyPath: m_RootOrder
      value: 3
      objectReference: {fileID: 0}
    - target: {fileID: 224554746659496700, guid: b4bc858163715f94f9b7c103bbd1281a,
        type: 2}
      propertyPath: m_RootOrder
      value: 12
      objectReference: {fileID: 0}
    - target: {fileID: 224736154618400298, guid: b4bc858163715f94f9b7c103bbd1281a,
        type: 2}
      propertyPath: m_RootOrder
      value: 9
      objectReference: {fileID: 0}
    - target: {fileID: 224249196080955680, guid: b4bc858163715f94f9b7c103bbd1281a,
        type: 2}
      propertyPath: m_RootOrder
      value: 15
      objectReference: {fileID: 0}
    - target: {fileID: 224681025876324040, guid: b4bc858163715f94f9b7c103bbd1281a,
        type: 2}
      propertyPath: m_RootOrder
      value: 16
      objectReference: {fileID: 0}
    - target: {fileID: 224624882983974690, guid: b4bc858163715f94f9b7c103bbd1281a,
        type: 2}
      propertyPath: m_RootOrder
      value: 7
      objectReference: {fileID: 0}
    - target: {fileID: 224789534546979038, guid: b4bc858163715f94f9b7c103bbd1281a,
        type: 2}
      propertyPath: m_RootOrder
      value: 14
      objectReference: {fileID: 0}
    - target: {fileID: 224463524823662478, guid: b4bc858163715f94f9b7c103bbd1281a,
        type: 2}
      propertyPath: m_RootOrder
      value: 0
      objectReference: {fileID: 0}
    - target: {fileID: 224212087228385510, guid: b4bc858163715f94f9b7c103bbd1281a,
        type: 2}
      propertyPath: m_RootOrder
      value: 11
      objectReference: {fileID: 0}
    - target: {fileID: 224573077185310524, guid: b4bc858163715f94f9b7c103bbd1281a,
        type: 2}
      propertyPath: m_LocalRotation.x
      value: 0
      objectReference: {fileID: 0}
    - target: {fileID: 224573077185310524, guid: b4bc858163715f94f9b7c103bbd1281a,
        type: 2}
      propertyPath: m_LocalRotation.y
      value: 0.7071068
      objectReference: {fileID: 0}
    - target: {fileID: 224573077185310524, guid: b4bc858163715f94f9b7c103bbd1281a,
        type: 2}
      propertyPath: m_LocalRotation.z
      value: 0
      objectReference: {fileID: 0}
    - target: {fileID: 224573077185310524, guid: b4bc858163715f94f9b7c103bbd1281a,
        type: 2}
      propertyPath: m_LocalRotation.w
      value: 0.7071068
      objectReference: {fileID: 0}
    - target: {fileID: 224573077185310524, guid: b4bc858163715f94f9b7c103bbd1281a,
        type: 2}
      propertyPath: m_LocalEulerAnglesHint.y
      value: 90
      objectReference: {fileID: 0}
    - target: {fileID: 224573077185310524, guid: b4bc858163715f94f9b7c103bbd1281a,
        type: 2}
      propertyPath: m_LocalPosition.z
      value: 41.57
      objectReference: {fileID: 0}
    - target: {fileID: 224573077185310524, guid: b4bc858163715f94f9b7c103bbd1281a,
        type: 2}
      propertyPath: m_AnchoredPosition.x
      value: 40
      objectReference: {fileID: 0}
    - target: {fileID: 224463524823662478, guid: b4bc858163715f94f9b7c103bbd1281a,
        type: 2}
      propertyPath: m_LocalRotation.x
      value: 0
      objectReference: {fileID: 0}
    - target: {fileID: 224463524823662478, guid: b4bc858163715f94f9b7c103bbd1281a,
        type: 2}
      propertyPath: m_LocalRotation.y
      value: 0.7071068
      objectReference: {fileID: 0}
    - target: {fileID: 224463524823662478, guid: b4bc858163715f94f9b7c103bbd1281a,
        type: 2}
      propertyPath: m_LocalRotation.z
      value: 0
      objectReference: {fileID: 0}
    - target: {fileID: 224463524823662478, guid: b4bc858163715f94f9b7c103bbd1281a,
        type: 2}
      propertyPath: m_LocalRotation.w
      value: 0.7071068
      objectReference: {fileID: 0}
    - target: {fileID: 224463524823662478, guid: b4bc858163715f94f9b7c103bbd1281a,
        type: 2}
      propertyPath: m_LocalEulerAnglesHint.y
      value: 90
      objectReference: {fileID: 0}
    - target: {fileID: 224463524823662478, guid: b4bc858163715f94f9b7c103bbd1281a,
        type: 2}
      propertyPath: m_LocalPosition.z
      value: 30
      objectReference: {fileID: 0}
    - target: {fileID: 224463524823662478, guid: b4bc858163715f94f9b7c103bbd1281a,
        type: 2}
      propertyPath: m_AnchoredPosition.x
      value: 30
      objectReference: {fileID: 0}
    - target: {fileID: 224789534546979038, guid: b4bc858163715f94f9b7c103bbd1281a,
        type: 2}
      propertyPath: m_LocalRotation.x
      value: 0
      objectReference: {fileID: 0}
    - target: {fileID: 224789534546979038, guid: b4bc858163715f94f9b7c103bbd1281a,
        type: 2}
      propertyPath: m_LocalRotation.y
      value: 0.7071068
      objectReference: {fileID: 0}
    - target: {fileID: 224789534546979038, guid: b4bc858163715f94f9b7c103bbd1281a,
        type: 2}
      propertyPath: m_LocalRotation.z
      value: 0
      objectReference: {fileID: 0}
    - target: {fileID: 224789534546979038, guid: b4bc858163715f94f9b7c103bbd1281a,
        type: 2}
      propertyPath: m_LocalRotation.w
      value: 0.7071068
      objectReference: {fileID: 0}
    - target: {fileID: 224789534546979038, guid: b4bc858163715f94f9b7c103bbd1281a,
        type: 2}
      propertyPath: m_LocalEulerAnglesHint.y
      value: 90
      objectReference: {fileID: 0}
    - target: {fileID: 224789534546979038, guid: b4bc858163715f94f9b7c103bbd1281a,
        type: 2}
      propertyPath: m_LocalPosition.z
      value: 15
      objectReference: {fileID: 0}
    - target: {fileID: 224789534546979038, guid: b4bc858163715f94f9b7c103bbd1281a,
        type: 2}
      propertyPath: m_AnchoredPosition.x
      value: 30
      objectReference: {fileID: 0}
    - target: {fileID: 224249196080955680, guid: b4bc858163715f94f9b7c103bbd1281a,
        type: 2}
      propertyPath: m_AnchoredPosition.x
      value: 30
      objectReference: {fileID: 0}
    - target: {fileID: 224249196080955680, guid: b4bc858163715f94f9b7c103bbd1281a,
        type: 2}
      propertyPath: m_LocalPosition.z
      value: 25
      objectReference: {fileID: 0}
    - target: {fileID: 224681025876324040, guid: b4bc858163715f94f9b7c103bbd1281a,
        type: 2}
      propertyPath: m_LocalRotation.x
      value: 0
      objectReference: {fileID: 0}
    - target: {fileID: 224681025876324040, guid: b4bc858163715f94f9b7c103bbd1281a,
        type: 2}
      propertyPath: m_LocalRotation.y
      value: 0.7071068
      objectReference: {fileID: 0}
    - target: {fileID: 224681025876324040, guid: b4bc858163715f94f9b7c103bbd1281a,
        type: 2}
      propertyPath: m_LocalRotation.z
      value: 0
      objectReference: {fileID: 0}
    - target: {fileID: 224681025876324040, guid: b4bc858163715f94f9b7c103bbd1281a,
        type: 2}
      propertyPath: m_LocalRotation.w
      value: 0.7071068
      objectReference: {fileID: 0}
    - target: {fileID: 224681025876324040, guid: b4bc858163715f94f9b7c103bbd1281a,
        type: 2}
      propertyPath: m_LocalEulerAnglesHint.y
      value: 90
      objectReference: {fileID: 0}
    - target: {fileID: 224681025876324040, guid: b4bc858163715f94f9b7c103bbd1281a,
        type: 2}
      propertyPath: m_AnchoredPosition.x
      value: 30
      objectReference: {fileID: 0}
    - target: {fileID: 224681025876324040, guid: b4bc858163715f94f9b7c103bbd1281a,
        type: 2}
      propertyPath: m_LocalPosition.z
      value: 5
      objectReference: {fileID: 0}
    - target: {fileID: 224099979683029766, guid: b4bc858163715f94f9b7c103bbd1281a,
        type: 2}
      propertyPath: m_LocalRotation.y
      value: 1
      objectReference: {fileID: 0}
    - target: {fileID: 224099979683029766, guid: b4bc858163715f94f9b7c103bbd1281a,
        type: 2}
      propertyPath: m_LocalRotation.w
      value: 0
      objectReference: {fileID: 0}
    - target: {fileID: 224099979683029766, guid: b4bc858163715f94f9b7c103bbd1281a,
        type: 2}
      propertyPath: m_LocalEulerAnglesHint.y
      value: 180
      objectReference: {fileID: 0}
    - target: {fileID: 224099979683029766, guid: b4bc858163715f94f9b7c103bbd1281a,
        type: 2}
      propertyPath: m_AnchoredPosition.y
      value: 50
      objectReference: {fileID: 0}
    - target: {fileID: 224099979683029766, guid: b4bc858163715f94f9b7c103bbd1281a,
        type: 2}
      propertyPath: m_LocalPosition.z
      value: -19.3
      objectReference: {fileID: 0}
    - target: {fileID: 224099979683029766, guid: b4bc858163715f94f9b7c103bbd1281a,
        type: 2}
      propertyPath: m_AnchoredPosition.x
      value: 0
      objectReference: {fileID: 0}
    - target: {fileID: 224099979683029766, guid: b4bc858163715f94f9b7c103bbd1281a,
        type: 2}
      propertyPath: m_LocalScale.x
      value: 10
      objectReference: {fileID: 0}
    - target: {fileID: 224099979683029766, guid: b4bc858163715f94f9b7c103bbd1281a,
        type: 2}
      propertyPath: m_LocalScale.z
      value: 1
      objectReference: {fileID: 0}
    - target: {fileID: 224099979683029766, guid: b4bc858163715f94f9b7c103bbd1281a,
        type: 2}
      propertyPath: m_LocalScale.y
      value: 10
      objectReference: {fileID: 0}
    - target: {fileID: 224573077185310524, guid: b4bc858163715f94f9b7c103bbd1281a,
        type: 2}
      propertyPath: m_LocalScale.x
      value: 3
      objectReference: {fileID: 0}
    - target: {fileID: 224573077185310524, guid: b4bc858163715f94f9b7c103bbd1281a,
        type: 2}
      propertyPath: m_LocalScale.z
      value: 1
      objectReference: {fileID: 0}
    - target: {fileID: 224573077185310524, guid: b4bc858163715f94f9b7c103bbd1281a,
        type: 2}
      propertyPath: m_LocalScale.y
      value: 3
      objectReference: {fileID: 0}
    - target: {fileID: 224573077185310524, guid: b4bc858163715f94f9b7c103bbd1281a,
        type: 2}
      propertyPath: m_AnchoredPosition.y
      value: 8.9
      objectReference: {fileID: 0}
    - target: {fileID: 224337102584404918, guid: b4bc858163715f94f9b7c103bbd1281a,
        type: 2}
      propertyPath: m_AnchoredPosition.y
      value: 4.6
      objectReference: {fileID: 0}
    - target: {fileID: 224624882983974690, guid: b4bc858163715f94f9b7c103bbd1281a,
        type: 2}
      propertyPath: m_AnchoredPosition.y
      value: 5.45
      objectReference: {fileID: 0}
    - target: {fileID: 224736154618400298, guid: b4bc858163715f94f9b7c103bbd1281a,
        type: 2}
      propertyPath: m_AnchoredPosition.y
      value: 5.9
      objectReference: {fileID: 0}
    - target: {fileID: 224212087228385510, guid: b4bc858163715f94f9b7c103bbd1281a,
        type: 2}
      propertyPath: m_AnchoredPosition.y
      value: 3.3
      objectReference: {fileID: 0}
    - target: {fileID: 224554746659496700, guid: b4bc858163715f94f9b7c103bbd1281a,
        type: 2}
      propertyPath: m_AnchoredPosition.y
      value: 2.94
      objectReference: {fileID: 0}
    - target: {fileID: 1220457568788596, guid: b4bc858163715f94f9b7c103bbd1281a, type: 2}
      propertyPath: m_IsActive
      value: 1
      objectReference: {fileID: 0}
    - target: {fileID: 1075272027855904, guid: b4bc858163715f94f9b7c103bbd1281a, type: 2}
      propertyPath: m_IsActive
      value: 1
      objectReference: {fileID: 0}
    - target: {fileID: 1139276320557916, guid: b4bc858163715f94f9b7c103bbd1281a, type: 2}
      propertyPath: m_IsActive
      value: 1
      objectReference: {fileID: 0}
    - target: {fileID: 1605641776698660, guid: b4bc858163715f94f9b7c103bbd1281a, type: 2}
      propertyPath: m_IsActive
      value: 1
      objectReference: {fileID: 0}
    - target: {fileID: 1778650620954448, guid: b4bc858163715f94f9b7c103bbd1281a, type: 2}
      propertyPath: m_IsActive
      value: 1
      objectReference: {fileID: 0}
    - target: {fileID: 1950860011695574, guid: b4bc858163715f94f9b7c103bbd1281a, type: 2}
      propertyPath: m_IsActive
      value: 1
      objectReference: {fileID: 0}
    - target: {fileID: 1682443245580330, guid: b4bc858163715f94f9b7c103bbd1281a, type: 2}
      propertyPath: m_IsActive
      value: 1
      objectReference: {fileID: 0}
    - target: {fileID: 1387691067641870, guid: b4bc858163715f94f9b7c103bbd1281a, type: 2}
      propertyPath: m_IsActive
      value: 1
      objectReference: {fileID: 0}
    - target: {fileID: 1797517342881936, guid: b4bc858163715f94f9b7c103bbd1281a, type: 2}
      propertyPath: m_IsActive
      value: 1
      objectReference: {fileID: 0}
    - target: {fileID: 1486718944618610, guid: b4bc858163715f94f9b7c103bbd1281a, type: 2}
      propertyPath: m_IsActive
      value: 1
      objectReference: {fileID: 0}
    - target: {fileID: 1696374162128726, guid: b4bc858163715f94f9b7c103bbd1281a, type: 2}
      propertyPath: m_IsActive
      value: 1
      objectReference: {fileID: 0}
    - target: {fileID: 224463524823662478, guid: b4bc858163715f94f9b7c103bbd1281a,
        type: 2}
      propertyPath: m_LocalScale.x
      value: 2
      objectReference: {fileID: 0}
    - target: {fileID: 224463524823662478, guid: b4bc858163715f94f9b7c103bbd1281a,
        type: 2}
      propertyPath: m_LocalScale.z
      value: 1
      objectReference: {fileID: 0}
    - target: {fileID: 224463524823662478, guid: b4bc858163715f94f9b7c103bbd1281a,
        type: 2}
      propertyPath: m_LocalScale.y
      value: 2
      objectReference: {fileID: 0}
    - target: {fileID: 1536640598720962, guid: b4bc858163715f94f9b7c103bbd1281a, type: 2}
      propertyPath: m_Name
      value: poem
      objectReference: {fileID: 0}
    - target: {fileID: 224249196080955680, guid: b4bc858163715f94f9b7c103bbd1281a,
        type: 2}
      propertyPath: m_AnchoredPosition.y
      value: 4.6
      objectReference: {fileID: 0}
    - target: {fileID: 224681025876324040, guid: b4bc858163715f94f9b7c103bbd1281a,
        type: 2}
      propertyPath: m_AnchoredPosition.y
      value: 3.46
      objectReference: {fileID: 0}
    - target: {fileID: 224789534546979038, guid: b4bc858163715f94f9b7c103bbd1281a,
        type: 2}
      propertyPath: m_AnchoredPosition.y
      value: 5.7
      objectReference: {fileID: 0}
    - target: {fileID: 224849178929531320, guid: b4bc858163715f94f9b7c103bbd1281a,
        type: 2}
      propertyPath: m_AnchoredPosition.y
      value: 5.5
      objectReference: {fileID: 0}
    - target: {fileID: 224017119397987916, guid: b4bc858163715f94f9b7c103bbd1281a,
        type: 2}
      propertyPath: m_AnchoredPosition.y
      value: 5.36
      objectReference: {fileID: 0}
    - target: {fileID: 224395910016012980, guid: b4bc858163715f94f9b7c103bbd1281a,
        type: 2}
      propertyPath: m_AnchoredPosition.y
      value: 5.6
      objectReference: {fileID: 0}
    - target: {fileID: 224352662001871812, guid: b4bc858163715f94f9b7c103bbd1281a,
        type: 2}
      propertyPath: m_AnchoredPosition.y
      value: 0
      objectReference: {fileID: 0}
    - target: {fileID: 224717618177686540, guid: b4bc858163715f94f9b7c103bbd1281a,
        type: 2}
      propertyPath: m_AnchoredPosition.y
      value: 9
      objectReference: {fileID: 0}
    - target: {fileID: 114704721163155734, guid: b4bc858163715f94f9b7c103bbd1281a,
        type: 2}
      propertyPath: m_Sprite
      value: 
      objectReference: {fileID: 21300000, guid: 763c158e94bc8924aa3e9711d69bd8cc,
        type: 3}
    - target: {fileID: 114604318504621294, guid: b4bc858163715f94f9b7c103bbd1281a,
        type: 2}
      propertyPath: m_Sprite
      value: 
      objectReference: {fileID: 21300000, guid: 0ea1a5ad105b8fc4f982d4fd78ce56ae,
        type: 3}
    m_RemovedComponents: []
  m_ParentPrefab: {fileID: 100100000, guid: b4bc858163715f94f9b7c103bbd1281a, type: 2}
  m_IsPrefabParent: 0
--- !u!1 &722810783
GameObject:
  m_ObjectHideFlags: 0
  m_PrefabParentObject: {fileID: 0}
  m_PrefabInternal: {fileID: 0}
  serializedVersion: 5
  m_Component:
  - component: {fileID: 722810784}
  - component: {fileID: 722810787}
  - component: {fileID: 722810786}
  - component: {fileID: 722810785}
  m_Layer: 0
  m_Name: Back_Fence
  m_TagString: Untagged
  m_Icon: {fileID: 0}
  m_NavMeshLayer: 0
  m_StaticEditorFlags: 0
  m_IsActive: 1
--- !u!4 &722810784
Transform:
  m_ObjectHideFlags: 0
  m_PrefabParentObject: {fileID: 0}
  m_PrefabInternal: {fileID: 0}
  m_GameObject: {fileID: 722810783}
  m_LocalRotation: {x: -0, y: -0, z: -0, w: 1}
  m_LocalPosition: {x: -3.521431, y: 1.7080536, z: -12.1443815}
  m_LocalScale: {x: 80, y: 4, z: 1}
  m_Children: []
  m_Father: {fileID: 132713580}
  m_RootOrder: 2
  m_LocalEulerAnglesHint: {x: 0, y: 0, z: 0}
--- !u!65 &722810785
BoxCollider:
  m_ObjectHideFlags: 0
  m_PrefabParentObject: {fileID: 0}
  m_PrefabInternal: {fileID: 0}
  m_GameObject: {fileID: 722810783}
  m_Material: {fileID: 0}
  m_IsTrigger: 0
  m_Enabled: 1
  serializedVersion: 2
  m_Size: {x: 1, y: 1, z: 1}
  m_Center: {x: 0, y: 0, z: 0}
--- !u!23 &722810786
MeshRenderer:
  m_ObjectHideFlags: 0
  m_PrefabParentObject: {fileID: 0}
  m_PrefabInternal: {fileID: 0}
  m_GameObject: {fileID: 722810783}
  m_Enabled: 1
  m_CastShadows: 1
  m_ReceiveShadows: 1
  m_DynamicOccludee: 1
  m_MotionVectors: 1
  m_LightProbeUsage: 1
  m_ReflectionProbeUsage: 1
  m_RenderingLayerMask: 4294967295
  m_Materials:
  - {fileID: 2100000, guid: e7cf1429648184748a1fd21872c8769e, type: 2}
  m_StaticBatchInfo:
    firstSubMesh: 0
    subMeshCount: 0
  m_StaticBatchRoot: {fileID: 0}
  m_ProbeAnchor: {fileID: 0}
  m_LightProbeVolumeOverride: {fileID: 0}
  m_ScaleInLightmap: 1
  m_PreserveUVs: 0
  m_IgnoreNormalsForChartDetection: 0
  m_ImportantGI: 0
  m_StitchLightmapSeams: 0
  m_SelectedEditorRenderState: 3
  m_MinimumChartSize: 4
  m_AutoUVMaxDistance: 0.5
  m_AutoUVMaxAngle: 89
  m_LightmapParameters: {fileID: 0}
  m_SortingLayerID: 0
  m_SortingLayer: 0
  m_SortingOrder: 0
--- !u!33 &722810787
MeshFilter:
  m_ObjectHideFlags: 0
  m_PrefabParentObject: {fileID: 0}
  m_PrefabInternal: {fileID: 0}
  m_GameObject: {fileID: 722810783}
  m_Mesh: {fileID: 10202, guid: 0000000000000000e000000000000000, type: 0}
--- !u!1 &831499235
GameObject:
  m_ObjectHideFlags: 0
  m_PrefabParentObject: {fileID: 0}
  m_PrefabInternal: {fileID: 0}
  serializedVersion: 5
  m_Component:
  - component: {fileID: 831499236}
  - component: {fileID: 831499238}
  - component: {fileID: 831499237}
  m_Layer: 0
  m_Name: Terrain
  m_TagString: Untagged
  m_Icon: {fileID: 0}
  m_NavMeshLayer: 0
  m_StaticEditorFlags: 4294967295
  m_IsActive: 1
--- !u!4 &831499236
Transform:
  m_ObjectHideFlags: 0
  m_PrefabParentObject: {fileID: 0}
  m_PrefabInternal: {fileID: 0}
  m_GameObject: {fileID: 831499235}
  m_LocalRotation: {x: -0, y: -0, z: -0, w: 1}
  m_LocalPosition: {x: -43.52143, y: 0.7080536, z: -12.1443815}
  m_LocalScale: {x: 1, y: 1, z: 1}
  m_Children: []
  m_Father: {fileID: 132713580}
  m_RootOrder: 6
  m_LocalEulerAnglesHint: {x: 0, y: 0, z: 0}
--- !u!154 &831499237
TerrainCollider:
  m_ObjectHideFlags: 0
  m_PrefabParentObject: {fileID: 0}
  m_PrefabInternal: {fileID: 0}
  m_GameObject: {fileID: 831499235}
  m_Material: {fileID: 0}
  m_Enabled: 1
  m_TerrainData: {fileID: 15600000, guid: 6d09a6241b8362b448f0a7693fb40f00, type: 2}
  m_EnableTreeColliders: 1
--- !u!218 &831499238
Terrain:
  m_ObjectHideFlags: 0
  m_PrefabParentObject: {fileID: 0}
  m_PrefabInternal: {fileID: 0}
  m_GameObject: {fileID: 831499235}
  m_Enabled: 1
  serializedVersion: 3
  m_TerrainData: {fileID: 15600000, guid: 6d09a6241b8362b448f0a7693fb40f00, type: 2}
  m_TreeDistance: 2000
  m_TreeBillboardDistance: 5
  m_TreeCrossFadeLength: 0
  m_TreeMaximumFullLODCount: 50
  m_DetailObjectDistance: 250
  m_DetailObjectDensity: 1
  m_HeightmapPixelError: 18
  m_SplatMapDistance: 0
  m_HeightmapMaximumLOD: 0
  m_CastShadows: 1
  m_DrawHeightmap: 1
  m_DrawTreesAndFoliage: 0
  m_ReflectionProbeUsage: 1
  m_MaterialType: 3
  m_LegacySpecular:
    serializedVersion: 2
    rgba: 4286545791
  m_LegacyShininess: 0.078125
  m_MaterialTemplate: {fileID: 2100000, guid: 915a7a193adc729419e776dcab798796, type: 2}
  m_BakeLightProbesForTrees: 1
  m_ScaleInLightmap: 0.0512
  m_LightmapParameters: {fileID: 15203, guid: 0000000000000000f000000000000000, type: 0}
--- !u!1 &982983184
GameObject:
  m_ObjectHideFlags: 0
  m_PrefabParentObject: {fileID: 0}
  m_PrefabInternal: {fileID: 0}
  serializedVersion: 5
  m_Component:
  - component: {fileID: 982983186}
  - component: {fileID: 982983185}
  m_Layer: 0
  m_Name: Directional Light
  m_TagString: Untagged
  m_Icon: {fileID: 0}
  m_NavMeshLayer: 0
  m_StaticEditorFlags: 0
  m_IsActive: 1
--- !u!108 &982983185
Light:
  m_ObjectHideFlags: 0
  m_PrefabParentObject: {fileID: 0}
  m_PrefabInternal: {fileID: 0}
  m_GameObject: {fileID: 982983184}
  m_Enabled: 1
  serializedVersion: 8
  m_Type: 1
  m_Color: {r: 1, g: 0.95686275, b: 0.8392157, a: 1}
  m_Intensity: 1
  m_Range: 10
  m_SpotAngle: 30
  m_CookieSize: 10
  m_Shadows:
    m_Type: 2
    m_Resolution: -1
    m_CustomResolution: -1
    m_Strength: 1
    m_Bias: 0.05
    m_NormalBias: 0.4
    m_NearPlane: 0.2
  m_Cookie: {fileID: 0}
  m_DrawHalo: 0
  m_Flare: {fileID: 0}
  m_RenderMode: 0
  m_CullingMask:
    serializedVersion: 2
    m_Bits: 4294967295
  m_Lightmapping: 4
  m_AreaSize: {x: 1, y: 1}
  m_BounceIntensity: 1
  m_ColorTemperature: 6570
  m_UseColorTemperature: 0
  m_ShadowRadius: 0
  m_ShadowAngle: 0
--- !u!4 &982983186
Transform:
  m_ObjectHideFlags: 0
  m_PrefabParentObject: {fileID: 0}
  m_PrefabInternal: {fileID: 0}
  m_GameObject: {fileID: 982983184}
  m_LocalRotation: {x: 0.40821788, y: -0.23456968, z: 0.10938163, w: 0.8754261}
  m_LocalPosition: {x: 0, y: 3, z: 0}
  m_LocalScale: {x: 1, y: 1, z: 1}
  m_Children: []
  m_Father: {fileID: 0}
  m_RootOrder: 0
  m_LocalEulerAnglesHint: {x: 50, y: -30, z: 0}
--- !u!1001 &1285194364
Prefab:
  m_ObjectHideFlags: 0
  serializedVersion: 2
  m_Modification:
    m_TransformParent: {fileID: 0}
    m_Modifications:
    - target: {fileID: 4424307484535160, guid: a2162b89ae7dba741af2b61e55ef6445, type: 2}
      propertyPath: m_LocalPosition.x
      value: 0
      objectReference: {fileID: 0}
    - target: {fileID: 4424307484535160, guid: a2162b89ae7dba741af2b61e55ef6445, type: 2}
      propertyPath: m_LocalPosition.y
      value: 0
      objectReference: {fileID: 0}
    - target: {fileID: 4424307484535160, guid: a2162b89ae7dba741af2b61e55ef6445, type: 2}
      propertyPath: m_LocalPosition.z
      value: 0
      objectReference: {fileID: 0}
    - target: {fileID: 4424307484535160, guid: a2162b89ae7dba741af2b61e55ef6445, type: 2}
      propertyPath: m_LocalRotation.x
      value: 0
      objectReference: {fileID: 0}
    - target: {fileID: 4424307484535160, guid: a2162b89ae7dba741af2b61e55ef6445, type: 2}
      propertyPath: m_LocalRotation.y
      value: 0
      objectReference: {fileID: 0}
    - target: {fileID: 4424307484535160, guid: a2162b89ae7dba741af2b61e55ef6445, type: 2}
      propertyPath: m_LocalRotation.z
      value: 0
      objectReference: {fileID: 0}
    - target: {fileID: 4424307484535160, guid: a2162b89ae7dba741af2b61e55ef6445, type: 2}
      propertyPath: m_LocalRotation.w
      value: 1
      objectReference: {fileID: 0}
    - target: {fileID: 4424307484535160, guid: a2162b89ae7dba741af2b61e55ef6445, type: 2}
      propertyPath: m_RootOrder
      value: 1
      objectReference: {fileID: 0}
    m_RemovedComponents: []
  m_ParentPrefab: {fileID: 100100000, guid: a2162b89ae7dba741af2b61e55ef6445, type: 2}
  m_IsPrefabParent: 0
--- !u!1 &1469135065
GameObject:
  m_ObjectHideFlags: 0
  m_PrefabParentObject: {fileID: 0}
  m_PrefabInternal: {fileID: 0}
  serializedVersion: 5
  m_Component:
  - component: {fileID: 1469135066}
  - component: {fileID: 1469135069}
  - component: {fileID: 1469135068}
  - component: {fileID: 1469135067}
  m_Layer: 0
  m_Name: Left_Fence
  m_TagString: Untagged
  m_Icon: {fileID: 0}
  m_NavMeshLayer: 0
  m_StaticEditorFlags: 0
  m_IsActive: 1
--- !u!4 &1469135066
Transform:
  m_ObjectHideFlags: 0
  m_PrefabParentObject: {fileID: 0}
  m_PrefabInternal: {fileID: 0}
  m_GameObject: {fileID: 1469135065}
  m_LocalRotation: {x: -0, y: 0.7071068, z: -0, w: 0.7071068}
  m_LocalPosition: {x: -43.52143, y: 1.7080536, z: 27.855618}
  m_LocalScale: {x: 80.00003, y: 4, z: 1}
  m_Children: []
  m_Father: {fileID: 132713580}
  m_RootOrder: 5
  m_LocalEulerAnglesHint: {x: 0, y: 90, z: 0}
--- !u!65 &1469135067
BoxCollider:
  m_ObjectHideFlags: 0
  m_PrefabParentObject: {fileID: 0}
  m_PrefabInternal: {fileID: 0}
  m_GameObject: {fileID: 1469135065}
  m_Material: {fileID: 0}
  m_IsTrigger: 0
  m_Enabled: 1
  serializedVersion: 2
  m_Size: {x: 1, y: 1, z: 1}
  m_Center: {x: 0, y: 0, z: 0}
--- !u!23 &1469135068
MeshRenderer:
  m_ObjectHideFlags: 0
  m_PrefabParentObject: {fileID: 0}
  m_PrefabInternal: {fileID: 0}
  m_GameObject: {fileID: 1469135065}
  m_Enabled: 1
  m_CastShadows: 1
  m_ReceiveShadows: 1
  m_DynamicOccludee: 1
  m_MotionVectors: 1
  m_LightProbeUsage: 1
  m_ReflectionProbeUsage: 1
  m_RenderingLayerMask: 4294967295
  m_Materials:
  - {fileID: 2100000, guid: e7cf1429648184748a1fd21872c8769e, type: 2}
  m_StaticBatchInfo:
    firstSubMesh: 0
    subMeshCount: 0
  m_StaticBatchRoot: {fileID: 0}
  m_ProbeAnchor: {fileID: 0}
  m_LightProbeVolumeOverride: {fileID: 0}
  m_ScaleInLightmap: 1
  m_PreserveUVs: 0
  m_IgnoreNormalsForChartDetection: 0
  m_ImportantGI: 0
  m_StitchLightmapSeams: 0
  m_SelectedEditorRenderState: 3
  m_MinimumChartSize: 4
  m_AutoUVMaxDistance: 0.5
  m_AutoUVMaxAngle: 89
  m_LightmapParameters: {fileID: 0}
  m_SortingLayerID: 0
  m_SortingLayer: 0
  m_SortingOrder: 0
--- !u!33 &1469135069
MeshFilter:
  m_ObjectHideFlags: 0
  m_PrefabParentObject: {fileID: 0}
  m_PrefabInternal: {fileID: 0}
  m_GameObject: {fileID: 1469135065}
  m_Mesh: {fileID: 10202, guid: 0000000000000000e000000000000000, type: 0}
--- !u!1 &1683023146
GameObject:
  m_ObjectHideFlags: 0
  m_PrefabParentObject: {fileID: 0}
  m_PrefabInternal: {fileID: 0}
  serializedVersion: 5
  m_Component:
  - component: {fileID: 1683023147}
  - component: {fileID: 1683023150}
  - component: {fileID: 1683023149}
  - component: {fileID: 1683023148}
  m_Layer: 0
  m_Name: Front_Fence
  m_TagString: Untagged
  m_Icon: {fileID: 0}
  m_NavMeshLayer: 0
  m_StaticEditorFlags: 0
  m_IsActive: 1
--- !u!4 &1683023147
Transform:
  m_ObjectHideFlags: 0
  m_PrefabParentObject: {fileID: 0}
  m_PrefabInternal: {fileID: 0}
  m_GameObject: {fileID: 1683023146}
  m_LocalRotation: {x: -0, y: -0, z: -0, w: 1}
  m_LocalPosition: {x: -3.521431, y: 1.7080536, z: 67.85562}
  m_LocalScale: {x: 80, y: 4, z: 1}
  m_Children: []
  m_Father: {fileID: 132713580}
  m_RootOrder: 3
  m_LocalEulerAnglesHint: {x: 0, y: 0, z: 0}
--- !u!65 &1683023148
BoxCollider:
  m_ObjectHideFlags: 0
  m_PrefabParentObject: {fileID: 0}
  m_PrefabInternal: {fileID: 0}
  m_GameObject: {fileID: 1683023146}
  m_Material: {fileID: 0}
  m_IsTrigger: 0
  m_Enabled: 1
  serializedVersion: 2
  m_Size: {x: 1, y: 1, z: 1}
  m_Center: {x: 0, y: 0, z: 0}
--- !u!23 &1683023149
MeshRenderer:
  m_ObjectHideFlags: 0
  m_PrefabParentObject: {fileID: 0}
  m_PrefabInternal: {fileID: 0}
  m_GameObject: {fileID: 1683023146}
  m_Enabled: 1
  m_CastShadows: 1
  m_ReceiveShadows: 1
  m_DynamicOccludee: 1
  m_MotionVectors: 1
  m_LightProbeUsage: 1
  m_ReflectionProbeUsage: 1
  m_RenderingLayerMask: 4294967295
  m_Materials:
  - {fileID: 2100000, guid: e7cf1429648184748a1fd21872c8769e, type: 2}
  m_StaticBatchInfo:
    firstSubMesh: 0
    subMeshCount: 0
  m_StaticBatchRoot: {fileID: 0}
  m_ProbeAnchor: {fileID: 0}
  m_LightProbeVolumeOverride: {fileID: 0}
  m_ScaleInLightmap: 1
  m_PreserveUVs: 0
  m_IgnoreNormalsForChartDetection: 0
  m_ImportantGI: 0
  m_StitchLightmapSeams: 0
  m_SelectedEditorRenderState: 3
  m_MinimumChartSize: 4
  m_AutoUVMaxDistance: 0.5
  m_AutoUVMaxAngle: 89
  m_LightmapParameters: {fileID: 0}
  m_SortingLayerID: 0
  m_SortingLayer: 0
  m_SortingOrder: 0
--- !u!33 &1683023150
MeshFilter:
  m_ObjectHideFlags: 0
  m_PrefabParentObject: {fileID: 0}
  m_PrefabInternal: {fileID: 0}
  m_GameObject: {fileID: 1683023146}
  m_Mesh: {fileID: 10202, guid: 0000000000000000e000000000000000, type: 0}
--- !u!1 &1821887971
GameObject:
  m_ObjectHideFlags: 0
  m_PrefabParentObject: {fileID: 0}
  m_PrefabInternal: {fileID: 0}
  serializedVersion: 5
  m_Component:
  - component: {fileID: 1821887972}
  - component: {fileID: 1821887975}
  - component: {fileID: 1821887974}
  - component: {fileID: 1821887973}
  m_Layer: 0
  m_Name: Ramp
  m_TagString: Untagged
  m_Icon: {fileID: 0}
  m_NavMeshLayer: 0
  m_StaticEditorFlags: 4294967295
  m_IsActive: 1
--- !u!4 &1821887972
Transform:
  m_ObjectHideFlags: 0
  m_PrefabParentObject: {fileID: 0}
  m_PrefabInternal: {fileID: 0}
  m_GameObject: {fileID: 1821887971}
  m_LocalRotation: {x: 0.2588191, y: -0, z: -0, w: 0.9659258}
  m_LocalPosition: {x: -3.521431, y: 0.1280536, z: 1.7456186}
  m_LocalScale: {x: 3, y: 2, z: 6.8399997}
  m_Children: []
  m_Father: {fileID: 132713580}
  m_RootOrder: 0
  m_LocalEulerAnglesHint: {x: 30, y: 0, z: 0}
--- !u!65 &1821887973
BoxCollider:
  m_ObjectHideFlags: 0
  m_PrefabParentObject: {fileID: 0}
  m_PrefabInternal: {fileID: 0}
  m_GameObject: {fileID: 1821887971}
  m_Material: {fileID: 0}
  m_IsTrigger: 0
  m_Enabled: 1
  serializedVersion: 2
  m_Size: {x: 1, y: 1, z: 1}
  m_Center: {x: 0, y: 0, z: 0}
--- !u!23 &1821887974
MeshRenderer:
  m_ObjectHideFlags: 0
  m_PrefabParentObject: {fileID: 0}
  m_PrefabInternal: {fileID: 0}
  m_GameObject: {fileID: 1821887971}
  m_Enabled: 1
  m_CastShadows: 1
  m_ReceiveShadows: 1
  m_DynamicOccludee: 1
  m_MotionVectors: 1
  m_LightProbeUsage: 1
  m_ReflectionProbeUsage: 1
  m_RenderingLayerMask: 4294967295
  m_Materials:
  - {fileID: 2100000, guid: 483110a781f98ce488273b51c976bcdf, type: 2}
  m_StaticBatchInfo:
    firstSubMesh: 0
    subMeshCount: 0
  m_StaticBatchRoot: {fileID: 0}
  m_ProbeAnchor: {fileID: 0}
  m_LightProbeVolumeOverride: {fileID: 0}
  m_ScaleInLightmap: 1
  m_PreserveUVs: 0
  m_IgnoreNormalsForChartDetection: 0
  m_ImportantGI: 0
  m_StitchLightmapSeams: 0
  m_SelectedEditorRenderState: 3
  m_MinimumChartSize: 4
  m_AutoUVMaxDistance: 0.5
  m_AutoUVMaxAngle: 89
  m_LightmapParameters: {fileID: 0}
  m_SortingLayerID: 0
  m_SortingLayer: 0
  m_SortingOrder: 0
--- !u!33 &1821887975
MeshFilter:
  m_ObjectHideFlags: 0
  m_PrefabParentObject: {fileID: 0}
  m_PrefabInternal: {fileID: 0}
  m_GameObject: {fileID: 1821887971}
  m_Mesh: {fileID: 10202, guid: 0000000000000000e000000000000000, type: 0}
--- !u!1 &1911847441 stripped
GameObject:
  m_PrefabParentObject: {fileID: 1571572952206120, guid: 144ca272df4906f4eb35a1b3d9755698,
    type: 2}
  m_PrefabInternal: {fileID: 617943871}
--- !u!328 &1911847443
VideoPlayer:
  m_ObjectHideFlags: 0
  m_PrefabParentObject: {fileID: 0}
  m_PrefabInternal: {fileID: 0}
  m_GameObject: {fileID: 1911847441}
  m_Enabled: 1
  m_VideoClip: {fileID: 32900000, guid: e19b32a5782474ea9ab268fceffb2e60, type: 3}
  m_TargetCameraAlpha: 1
  m_TargetCamera3DLayout: 0
  m_TargetCamera: {fileID: 0}
  m_TargetTexture: {fileID: 0}
  m_TimeReference: 0
  m_TargetMaterialRenderer: {fileID: 0}
  m_TargetMaterialProperty: _MainTex
  m_RenderMode: 2
  m_AspectRatio: 2
  m_DataSource: 0
  m_PlaybackSpeed: 1
  m_AudioOutputMode: 1
  m_TargetAudioSources:
  - {fileID: 0}
  m_DirectAudioVolumes:
  - 1
  m_Url: 
  m_EnabledAudioTracks: 01
  m_DirectAudioMutes: 00
  m_ControlledAudioTrackCount: 1
  m_PlayOnAwake: 1
  m_SkipOnDrop: 1
  m_Looping: 0
  m_WaitForFirstFrame: 1
  m_FrameReadyEventEnabled: 0
--- !u!1 &1973192148
GameObject:
  m_ObjectHideFlags: 0
  m_PrefabParentObject: {fileID: 0}
  m_PrefabInternal: {fileID: 0}
  serializedVersion: 5
  m_Component:
  - component: {fileID: 1973192149}
  - component: {fileID: 1973192152}
  - component: {fileID: 1973192151}
  - component: {fileID: 1973192150}
  m_Layer: 0
  m_Name: Spawn_Cube
  m_TagString: Untagged
  m_Icon: {fileID: 0}
  m_NavMeshLayer: 0
  m_StaticEditorFlags: 4294967295
  m_IsActive: 1
--- !u!4 &1973192149
Transform:
  m_ObjectHideFlags: 0
  m_PrefabParentObject: {fileID: 0}
  m_PrefabInternal: {fileID: 0}
  m_GameObject: {fileID: 1973192148}
  m_LocalRotation: {x: -0, y: -0, z: -0, w: 1}
  m_LocalPosition: {x: -3.521431, y: 1.7080536, z: -2.1443815}
  m_LocalScale: {x: 3, y: 2, z: 3}
  m_Children: []
  m_Father: {fileID: 132713580}
  m_RootOrder: 1
  m_LocalEulerAnglesHint: {x: 0, y: 0, z: 0}
--- !u!65 &1973192150
BoxCollider:
  m_ObjectHideFlags: 0
  m_PrefabParentObject: {fileID: 0}
  m_PrefabInternal: {fileID: 0}
  m_GameObject: {fileID: 1973192148}
  m_Material: {fileID: 0}
  m_IsTrigger: 0
  m_Enabled: 1
  serializedVersion: 2
  m_Size: {x: 1, y: 1, z: 1}
  m_Center: {x: 0, y: 0, z: 0}
--- !u!23 &1973192151
MeshRenderer:
  m_ObjectHideFlags: 0
  m_PrefabParentObject: {fileID: 0}
  m_PrefabInternal: {fileID: 0}
  m_GameObject: {fileID: 1973192148}
  m_Enabled: 1
  m_CastShadows: 1
  m_ReceiveShadows: 1
  m_DynamicOccludee: 1
  m_MotionVectors: 1
  m_LightProbeUsage: 1
  m_ReflectionProbeUsage: 1
  m_RenderingLayerMask: 4294967295
  m_Materials:
  - {fileID: 2100000, guid: 483110a781f98ce488273b51c976bcdf, type: 2}
  m_StaticBatchInfo:
    firstSubMesh: 0
    subMeshCount: 0
  m_StaticBatchRoot: {fileID: 0}
  m_ProbeAnchor: {fileID: 0}
  m_LightProbeVolumeOverride: {fileID: 0}
  m_ScaleInLightmap: 1
  m_PreserveUVs: 0
  m_IgnoreNormalsForChartDetection: 0
  m_ImportantGI: 0
  m_StitchLightmapSeams: 0
  m_SelectedEditorRenderState: 3
  m_MinimumChartSize: 4
  m_AutoUVMaxDistance: 0.5
  m_AutoUVMaxAngle: 89
  m_LightmapParameters: {fileID: 0}
  m_SortingLayerID: 0
  m_SortingLayer: 0
  m_SortingOrder: 0
--- !u!33 &1973192152
MeshFilter:
  m_ObjectHideFlags: 0
  m_PrefabParentObject: {fileID: 0}
  m_PrefabInternal: {fileID: 0}
  m_GameObject: {fileID: 1973192148}
  m_Mesh: {fileID: 10202, guid: 0000000000000000e000000000000000, type: 0}
